
%Aigaion2 BibTeX export from Aigaion - A Web Based Annotated Bibliography | Hosted on CodesInverse
%Friday 23 November 2012 06:39:34 AM
All publications for topic "Computer Forensics"
@ARTICLE{1,
    author = {Pooters, Ivo and Arends, Pascal and Moorrees, Steffen},
     month = jul,
     title = {Extracting SQLite records: Carving, parsing and matching},
   journal = {FOX-IT},
      year = {2011},
       url = {http://sandbox.dfrws.org/2011/fox-it/DFRWS2011_results/Report/Sqlite_carving_extractAndroidData.pdf}
}

@ARTICLE{2,
    author = {Hipp, D. Richard},
     title = {SQLite's Use Of Temporary Disk Files},
   journal = {SQLite Documentation},
      year = {2012},
       url = {http://www.sqlite.org/tempfiles.html}
}

@ARTICLE{3,
    author = {Hipp, D. Richard},
     title = {The SQLite Database File Format},
   journal = {SQLite Documentation},
      year = {2012},
       url = {http://www.sqlite.org/fileformat2.html}
}

@ARTICLE{4,
    author = {Hipp, D. Richard},
     title = {Requirements for the SQLite Database File Format},
   journal = {SQLite Documentation},
      year = {2012},
       url = {http://www.sqlite.org/hlr30000.html}
}

@ARTICLE{5,
    author = {RaySprite},
     title = {SQLite Database File Format},
   journal = {RaySprite},
      year = {2012},
       url = {http://ray.bsdart.org/man/sqlite/fileformat.html#index_btree_cell_format}
}

@ARTICLE{6,
    author = {Hipp, D. Richard},
     title = {Well-Known Users of SQLite},
   journal = {SQLite Documentation},
      year = {2012},
       url = {http://www.sqlite.org/famous.html}
}

@ARTICLE{7,
    author = {Drinkwater, Richard},
     month = apr,
     title = {Carving SQLite databases from unallocated clusters},
   journal = {Forensics from the sausage factory},
      year = {2011},
       url = {http://forensicsfromthesausagefactory.blogspot.sg/2011/04/carving-sqlite-databases-from.html}
}

@ARTICLE{8,
    author = {Eindbazen, De},
     month = feb,
     title = {CODEGATE 2012 â€“ Forensics 300},
   journal = {De Eindbazen},
      year = {2012},
       url = {http://eindbazen.net/2012/02/codegate-2012-forensics-300/}
}

@ARTICLE{9,
    author = {FLOSS},
     month = mar,
     title = {FLOSS Weekly 26},
   journal = {FLOSS},
      year = {2008},
       url = {http://twit.tv/floss26}
}

@BOOK{owens2006definitive,
     author = {Owens, M.},
      title = {The Definitive Guide to SQLite},
     series = {Definitive Guide},
       year = {2006},
  publisher = {Apress},
       isbn = {9781590596739},
        url = {http://books.google.com.sg/books?id=VsZ5bUh0XAkC}
}

